@book{leinster2004higher,
  title={Higher operads, higher categories},
  author={Leinster, Tom},
  volume={298},
  year={2004},
  publisher={Cambridge University Press}
}
@book{spivak2013category,
  title={Category theory for scientists (Old version)},
  author={Spivak, David I},
  journal={arXiv preprint arXiv:1302.6946},
  year={2013}
}
@book{date2006introduction,
  title={An introduction to database systems},
  author={Date, Christopher John},
  year={2006},
  publisher={Pearson Education India}
}
